@inproceedings{imagenet_cvpr09,
        AUTHOR = {Deng, J. and Dong, W. and Socher, R. and Li, L.-J. and Li, K. and Fei-Fei, L.},
        TITLE = {{ImageNet: A Large-Scale Hierarchical Image Database}},
        BOOKTITLE = {CVPR09},
        YEAR = {2009},
        BIBSOURCE = "http://www.image-net.org/papers/imagenet_cvpr09.bib"}
        
@incollection{NIPS2012_4824,
title = {ImageNet Classification with Deep Convolutional Neural Networks},
author = {Alex Krizhevsky and Sutskever, Ilya and Hinton, Geoffrey E},
booktitle = {Advances in Neural Information Processing Systems 25},
editor = {F. Pereira and C. J. C. Burges and L. Bottou and K. Q. Weinberger},
pages = {1097--1105},
year = {2012},
publisher = {Curran Associates, Inc.},
url = {http://papers.nips.cc/paper/4824-imagenet-classification-with-deep-convolutional-neural-networks.pdf}
}

@article{simonyan2014very,
  title={Very deep convolutional networks for large-scale image recognition},
  author={Simonyan, Karen and Zisserman, Andrew},
  journal={arXiv preprint arXiv:1409.1556},
  year={2014}
}

@inproceedings{he2016deep,
  title={Deep residual learning for image recognition},
  author={He, Kaiming and Zhang, Xiangyu and Ren, Shaoqing and Sun, Jian},
  booktitle={Proceedings of the IEEE conference on computer vision and pattern recognition},
  pages={770--778},
  year={2016}
}

@article{russakovsky2015imagenet,
  title={Imagenet large scale visual recognition challenge},
  author={Russakovsky, Olga and Deng, Jia and Su, Hao and Krause, Jonathan and Satheesh, Sanjeev and Ma, Sean and Huang, Zhiheng and Karpathy, Andrej and Khosla, Aditya and Bernstein, Michael and others},
  journal={International Journal of Computer Vision},
  volume={115},
  number={3},
  pages={211--252},
  year={2015},
  publisher={Springer}
}

@article{hinton2015distilling,
  title={Distilling the knowledge in a neural network},
  author={Hinton, Geoffrey and Vinyals, Oriol and Dean, Jeff},
  journal={arXiv preprint arXiv:1503.02531},
  year={2015}
}

@inproceedings{bucilu2006model,
  title={Model compression},
  author={Bucilu«é, Cristian and Caruana, Rich and Niculescu-Mizil, Alexandru},
  booktitle={Proceedings of the 12th ACM SIGKDD international conference on Knowledge discovery and data mining},
  pages={535--541},
  year={2006},
  organization={ACM}
}

@article{romero2014fitnets,
  title={Fitnets: Hints for thin deep nets},
  author={Romero, Adriana and Ballas, Nicolas and Kahou, Samira Ebrahimi and Chassang, Antoine and Gatta, Carlo and Bengio, Yoshua},
  journal={arXiv preprint arXiv:1412.6550},
  year={2014}
}

@inproceedings{chen2017learning,
  title={Learning Efficient Object Detection Models with Knowledge Distillation},
  author={Chen, Guobin and Choi, Wongun and Yu, Xiang and Han, Tony and Chandraker, Manmohan},
  booktitle={Advances in Neural Information Processing Systems},
  pages={742--751},
  year={2017}
}

@inproceedings{han2016mcdnn,
  title={Mcdnn: An approximation-based execution framework for deep stream processing under resource constraints},
  author={Han, Seungyeop and Shen, Haichen and Philipose, Matthai and Agarwal, Sharad and Wolman, Alec and Krishnamurthy, Arvind},
  booktitle={Proceedings of the 14th Annual International Conference on Mobile Systems, Applications, and Services},
  pages={123--136},
  year={2016},
  organization={ACM}
}

@article{canziani2016analysis,
  title={An analysis of deep neural network models for practical applications},
  author={Canziani, Alfredo and Paszke, Adam and Culurciello, Eugenio},
  journal={arXiv preprint arXiv:1605.07678},
  year={2016}
}

@article{shen2016fast,
  title={Fast video classification via adaptive cascading of deep models},
  author={Shen, Haichen and Han, Seungyeop and Philipose, Matthai and Krishnamurthy, Arvind},
  journal={arXiv preprint arXiv:1611.06453},
  year={2016}
}

@article{athiwaratkun2015feature,
  title={Feature representation in convolutional neural networks},
  author={Athiwaratkun, Ben and Kang, Keegan},
  journal={arXiv preprint arXiv:1507.02313},
  year={2015}
}

@article{wei2015understanding,
  title={Understanding intra-class knowledge inside CNN},
  author={Wei, Donglai and Zhou, Bolei and Torrabla, Antonio and Freeman, William},
  journal={arXiv preprint arXiv:1507.02379},
  year={2015}
}

@inproceedings{sanchez2011high,
  title={High-dimensional signature compression for large-scale image classification},
  author={S{\'a}nchez, Jorge and Perronnin, Florent},
  booktitle={Computer Vision and Pattern Recognition (CVPR), 2011 IEEE Conference on},
  pages={1665--1672},
  year={2011},
  organization={IEEE}
}

@inproceedings{szegedy2015going,
  title={Going deeper with convolutions},
  author={Szegedy, Christian and Liu, Wei and Jia, Yangqing and Sermanet, Pierre and Reed, Scott and Anguelov, Dragomir and Erhan, Dumitru and Vanhoucke, Vincent and Rabinovich, Andrew and others},
  year={2015},
  organization={Cvpr}
}

@inproceedings{huang2017densely,
  title={Densely connected convolutional networks},
  author={Huang, Gao and Liu, Zhuang and Weinberger, Kilian Q and van der Maaten, Laurens},
  booktitle={Proceedings of the IEEE conference on computer vision and pattern recognition},
  volume={1},
  number={2},
  pages={3},
  year={2017}
}

@article{krizhevsky2009learning,
  title={Learning multiple layers of features from tiny images},
  author={Krizhevsky, Alex and Hinton, Geoffrey},
  year={2009},
  publisher={Citeseer},
  journal={Technical Report}
}

@inproceedings{ba2014deep,
  title={Do deep nets really need to be deep?},
  author={Ba, Jimmy and Caruana, Rich},
  booktitle={Advances in neural information processing systems},
  pages={2654--2662},
  year={2014}
}

@article{dauphin2013big,
  title={Big neural networks waste capacity},
  author={Dauphin, Yann N and Bengio, Yoshua},
  journal={arXiv preprint arXiv:1301.3583},
  year={2013}
}

@article{lopez2015unifying,
  title={Unifying distillation and privileged information},
  author={Lopez-Paz, David and Bottou, L{\'e}on and Sch{\"o}lkopf, Bernhard and Vapnik, Vladimir},
  journal={arXiv preprint arXiv:1511.03643},
  year={2015}
}

@inproceedings{deng2009imagenet,
  title={Imagenet: A large-scale hierarchical image database},
  author={Deng, Jia and Dong, Wei and Socher, Richard and Li, Li-Jia and Li, Kai and Fei-Fei, Li},
  booktitle={Computer Vision and Pattern Recognition, 2009. CVPR 2009. IEEE Conference on},
  pages={248--255},
  year={2009},
  organization={IEEE}
}



@inproceedings{fu2017look,
  title={Look closer to see better: Recurrent attention convolutional neural network for fine-grained image recognition},
  author={Fu, Jianlong and Zheng, Heliang and Mei, Tao},
  booktitle={Conf. on Computer Vision and Pattern Recognition},
  year={2017}
}



@article{kang2017noscope,
  title={NoScope: optimizing neural network queries over video at scale},
  author={Kang, Daniel and Emmons, John and Abuzaid, Firas and Bailis, Peter and Zaharia, Matei},
  journal={Proceedings of the VLDB Endowment},
  volume={10},
  number={11},
  pages={1586--1597},
  year={2017},
  publisher={VLDB Endowment}
}

@article{shen2017fast,
  title={Fast video classification via adaptive cascading of deep models},
  author={Shen, Haichen and Han, Seungyeop and Philipose, Matthai and Krishnamurthy, Arvind},
  journal={arXiv preprint},
  year={2017}
}
@inproceedings{panda2016conditional,
  title={Conditional deep learning for energy-efficient and enhanced pattern recognition},
  author={Panda, Priyadarshini and Sengupta, Abhronil and Roy, Kaushik},
  booktitle={Design, Automation \& Test in Europe Conference \& Exhibition (DATE), 2016},
  pages={475--480},
  year={2016},
  organization={IEEE}
}

@article{jaderberg2014speeding,
  title={Speeding up convolutional neural networks with low rank expansions},
  author={Jaderberg, Max and Vedaldi, Andrea and Zisserman, Andrew},
  journal={arXiv preprint arXiv:1405.3866},
  year={2014}
}in Europe Conference \& Exhibition (DATE), 2016},
  pages={475--480},
  year={2016},
  organization={IEEE}
}

@inproceedings{teerapittayanon2016branchynet,
  title={Branchynet: Fast inference via early exiting from deep neural networks},
  author={Teerapittayanon, Surat and McDanel, Bradley and Kung, HT},
  booktitle={Pattern Recognition (ICPR), 2016 23rd International Conference on},
  pages={2464--2469},
  year={2016},
  organization={IEEE}
}

@article{kim2015compression,
  title={Compression of deep convolutional neural networks for fast and low power mobile applications},
  author={Kim, Yong-Deok and Park, Eunhyeok and Yoo, Sungjoo and Choi, Taelim and Yang, Lu and Shin, Dongjun},
  journal={arXiv preprint arXiv:1511.06530},
  year={2015}
}


@inproceedings{xue2014singular,
  title={Singular value decomposition based low-footprint speaker adaptation and personalization for deep neural network},
  author={Xue, Jian and Li, Jinyu and Yu, Dong and Seltzer, Mike and Gong, Yifan},
  booktitle={Acoustics, Speech and Signal Processing (ICASSP), 2014 IEEE International Conference on},
  pages={6359--6363},
  year={2014},
  organization={IEEE}
}

@inproceedings{chen2015compressing,
  title={Compressing neural networks with the hashing trick},
  author={Chen, Wenlin and Wilson, James and Tyree, Stephen and Weinberger, Kilian and Chen, Yixin},
  booktitle={International Conference on Machine Learning},
  pages={2285--2294},
  year={2015}
}

@inproceedings{han2015learning,
  title={Learning both weights and connections for efficient neural network},
  author={Han, Song and Pool, Jeff and Tran, John and Dally, William},
  booktitle={Advances in neural information processing systems},
  pages={1135--1143},
  year={2015}
}

@inproceedings{li2015towards,
  title={Towards sustainable in-situ server systems in the big data era},
  author={Li, Chao and Hu, Yang and Liu, Longjun and Gu, Juncheng and Song, Mingcong and Liang, Xiaoyao and Yuan, Jingling and Li, Tao},
  booktitle={ACM SIGARCH Computer Architecture News},
  volume={43},
  number={3},
  pages={14--26},
  year={2015},
  organization={ACM}
}

@inproceedings{razavian2014cnn,
  title={CNN features off-the-shelf: an astounding baseline for recognition},
  author={Razavian, Ali Sharif and Azizpour, Hossein and Sullivan, Josephine and Carlsson, Stefan},
  booktitle={Computer Vision and Pattern Recognition Workshops (CVPRW), 2014 IEEE Conference on},
  pages={512--519},
  year={2014},
  organization={IEEE}
}

@inproceedings{zhuang2015supervised,
  title={Supervised Representation Learning: Transfer Learning with Deep Autoencoders.},
  author={Zhuang, Fuzhen and Cheng, Xiaohu and Luo, Ping and Pan, Sinno Jialin and He, Qing},
  booktitle={IJCAI},
  pages={4119--4125},
  year={2015}
}

@inproceedings{sun2016return,
  title={Return of Frustratingly Easy Domain Adaptation.},
  author={Sun, Baochen and Feng, Jiashi and Saenko, Kate},
  booktitle={AAAI},
  volume={6},
  number={7},
  pages={8},
  year={2016}
}

